<?xml version="1.0" encoding="UTF-8"?><collection xmlns="http://www.loc.gov/MARC21/slim"><record><leader>00582nam--2200169-i-4500</leader><controlfield tag="001">000042448</controlfield><controlfield tag="002">20161230</controlfield><controlfield tag="005">20161230201043</controlfield><controlfield tag="008">060222s1000------------r-----000-0-eng-d</controlfield><datafield ind1=" " ind2=" " tag="040"><subfield code="a">IFIN-HH</subfield></datafield><datafield ind1=" " ind2=" " tag="080"><subfield code="a">537.622:539.143.43.078(061.3)</subfield></datafield><datafield ind1="1" ind2=" " tag="100"><subfield code="a">Institut De Physique De L'Universite De Geneve</subfield></datafield><datafield ind1="1" ind2="0" tag="245"><subfield code="a">Spectroscopy and relaxation at radiofrequences</subfield><subfield code="b">Compte rendu du x-e colloque ampere. leipzig, 13-17 septembre 1961</subfield></datafield><datafield ind1=" " ind2=" " tag="260"><subfield code="a">Amsterdam, ,1962. 531 P</subfield><subfield code="b">North-holland Publishing Company</subfield><subfield code="c">1962</subfield></datafield><datafield ind1=" " ind2=" " tag="300"><subfield code="a">531p</subfield></datafield><datafield ind1=" " ind2=" " tag="852"><subfield code="a">18759</subfield><subfield code="c">535.33</subfield></datafield><datafield ind1=" " ind2=" " tag="CAT"><subfield code="a">Sys</subfield><subfield code="c">20101202</subfield><subfield code="h">123340</subfield></datafield></record></collection>